@misc{DrivenData, url={https://www.drivendata.org/competitions/7/pump-it-up-data-mining-the-water-table/page/23/}, journal={DrivenData}} 

@inproceedings{optuna_2019,
    title={Optuna: A Next-generation Hyperparameter Optimization Framework},
    author={Akiba, Takuya and Sano, Shotaro and Yanase, Toshihiko and Ohta, Takeru and Koyama, Masanori},
    booktitle={Proceedings of the 25th {ACM} {SIGKDD} International Conference on Knowledge Discovery and Data Mining},
    year={2019}
}

@misc{Thorn_2021, title={Random Forest: Hyperparameters and how to fine-tune them}, url={https://towardsdatascience.com/random-forest-hyperparameters-and-how-to-fine-tune-them-17aee785ee0d}, journal={Medium}, publisher={Towards Data Science}, author={Thorn, James}, year={2021}, month={Sep}} 

@misc{Brownlee_2020, title={Tune hyperparameters for Classification Machine Learning Algorithms}, url={https://machinelearningmastery.com/hyperparameters-for-classification-machine-learning-algorithms/}, journal={MachineLearningMastery.com}, author={Brownlee, Jason}, year={2020}, month={Aug}} 
